@book{adams1995hitchhiker,
  title={The Hitchhiker's Guide to the Galaxy},
  author={Adams, D.},
  isbn={9781417642595},
  url={http://books.google.com/books?id=W-xMPgAACAAJ},
  year={1995},
  publisher={San Val}
}

@article{article:whispering,
  author = {{Cassereau Didier}, {Gibiat Vincent}, {Pierre de Guibert}},
  title = {{Whispering galleries modelling}},
  publisher = {{DAGA Aachen}},
  year={2016}
}


@article{article:santa_cecilia_acoustic,
  author = {{G. Araneo}, {A. Farina}, {A. Frova}},
  title = {{Study of Acoustical Properties in Santa Cecilia Concert Hall in Rome}},
journal={{Il Saggiatore Musicale}},
year={2006}
}




@article{article:acoustic:churches,
  author = {{D. Lubman}, {B. Kiser}},
  title = {{The History of Western Civilization Told Through the Acoustic of its Worship Spaces}},
  publisher = {{International Commision for Acoustic}},
  year={2001}
}

@article{article:acoustic:history,
  author = {{Bill Addis}},
  title = {{A Brief History of Design Methods for Building Acoustics}},
  publisher = {{Proceedings of the Third International Congress on Construction History}},
  year={2009}
}


@misc{site:collins_reveberant,
  title={Collins},
  url={https://www.collinsdictionary.com/dictionary/english/reverberant},
  year=2019,
  lastchecked={25/12/2019}
}

@misc{site:acoustic_absorption,
  author = {{M. Vorlander}},
  title={Material Data},
  url={https://cds.cern.ch/record/1251519/files/978-3-540-48830-9_BookBackMatter.pdf},
  year = {2007}
}


@book{book:acoustic,
    title = {{Springer Handbook of Acoustic}},
    year = {2007},
    author = {{Thomas D. Rossing}},
    edition = {First},
    publisher = {Springer}}
    
   @book{book:history_music,
    title = {{The Story of Music: From Babylon to the Beatles: How Music Has Shaped Civilization}},
    year = {2014},
    ISBN ={978-1-60598-538-1},
    author = {{Howard Goodall}},
    edition = {First},
    publisher = {Pegasus Books}}



@online{site:imperial_fluxgate,
author = {{Imperial College London}},
url = {https://www.imperial.ac.uk/space-and-atmospheric-physics/research/areas/space-magnetometer-laboratory/space-instrumentation-research/magnetometers/fluxgate-magnetometers/how-a-fluxgate-works/},
urldate = {2019-06-13}
}

@online{site:strontium,
author = {{National Center for Biotechnology Information}},
url = {https://pubchem.ncbi.nlm.nih.gov/element/Strontium},
urldate = {2019-10-31}
}


@article{ciao,
   author={Arrow, Kenneth J. and Leonid Hurwicz and Hirofumi Uzawa},
   title={Constraint qualifications in maximization problems},
   journal={Naval Research Logistics Quarterly},
   volume={8},
   year=1961,
   pages={175-191}
}

@article{particles_thr_matter,
   author={M. Tanabashi et al.},
   title={Passage of particles through matter},
   organisation = {Particle Data Group},
   year=2018,
   DOI={https://doi.org/10.1103/PhysRevD.98.030001}
}

@article{scheme_radiation,
   author={Elena Ceballos Romero},
   title={Passage of particles through matter},
   organisation = {Westf ̈alische Wilhelms-Universit ̈at Mu ̈nster},
   year=2018
}


@manual{manual:radioactivity,
	title={Year 2 Laboratory Manual - Radioactivity Experiment},
	year={2019},
	organization={Imperial College London}
}

@manual{lab_manual,
	author={S. P. D. Mangles and Y. Uchida},
	title={Year 1 Laboratory Manual Part 2: Cycles 1 and 2},
	year={2018},
	organization={Imperial College London}
}


@book{book:particle_detectors,
  title = {Particle Detectors},
  author = {Claus Grupen and Boris Shwart},
  year = {2008},
  publisher = {Cambridge},
  edition = {2},
}


@book{book:mechanics,
  title = {Classical Mechanics},
  subtitle = {From Newton to Einstein: A Modern Introduction},
  author = {Martin W. McCall},
  year = {2011},
  publisher = {Wiley},
  edition = {2},
  organization = {Imperial College London, UK}
}

@book{book:gregory_2006,
place={Cambridge},
title={Classical Mechanics},
DOI={10.1017/CBO9780511803789},
publisher={Cambridge University Press},
author={Gregory, R. Douglas},
year={2006}
}


@book{book:mechanics_morin,
place={Cambridge},
title={Introduction to Classical Mechanics},
publisher={Cambridge University Press},
author={David Morin},
year={2008}
}



@Online{codata_g,
    title    = {CODATA Value: standard acceleration of gravity - NIST},
    editor = {National Institute of Standards and Technology (NIST)},
    author = {Rebecca Smith},
    url = {https://physics.nist.gov/cgi-bin/cuu/Value?gn},
    urldate     = {2019-01-02},
    accessed = {2019 Jan 02},
    publisher= {Committee on Data for Science and Technology (CODATA)},
}


@book{book:mechanics_taylor,
  title = {Classical Mechanics},
  author = {John R. Taylorl},
  year = {2005},
  publisher = {University Science Books},
  edition = {05},
}

@book{book:electronics_irwin,
  title = {Basic Engineering Circuit Analysis},
  author = {{J. David Irwin, Robert M. Nelms}},
  year = {2015},
  publisher = {Wiley},
  edition = {eleventh},
}



@book{book:electronics_circuits,
  title = {Linear and Nonlinear Circuits},
  author = {Leon O. Chua, Charles A. Desoer, Ernest S. Kuh},
  year = {1987},
  publisher = {McGraw-Hill Book Company},
  edition = {first},
}

@book{book:analog_computing,
  title = {Analog and Hybrid Computing},
  author = {{D. E. Hyndman and N. Hiller}},
  year = {1970},
  publisher = {Pergamon Press},
  edition = {first},
}


@book{book:maths_riley,
  title = {Mathematical methods for Physics and Engineering},
  author = {{K. F. Riley, M. P. Hobson, S. J. Bence}},
  year = {2006},
  publisher = {Cambridge University Press},
  edition = {third},
}




@book{book:maths_boas,
  title = {Mathematical Methods in the Physical Sciences},
  author = {Mary L. Boas},
  year = {2005},
  publisher = {Wiley},
  edition = {third},
}

@book{book:fey_II,
  title = {Lectures on Physics},
  author = {Richard Feynmann},
  year = {1975},
  publisher = {Addison-Wesley Publishing Company},
  edition = {Fifth printing},
}

@book{book:raytracing,
  title = {An Introduction to Ray Tracing},
  author = {Andrew S. Glassner},
  year = {1991},
  publisher = {Academic Press},
}


@book{book:university_physics,
  title = {University Physics},
  author = {Hugh D. Young, Roger A. Freedman},
  year = {2016},
  publisher = {Pearson},
  edition = {Fourteenth},
}

@misc{movie:nvidia,
url={https://youtu.be/jkhBlmKtEAk},
journal={YouTube},
year={2018},
author ={{NVIDIA GeForce}},
month={Mar}}

@misc{site:salisbury:reverberation,
title={Salisbury Cathedral},
url={https://www.soundtech.co.uk/case-studies/salisbury-cathedral},
author ={{Sound Technology}},
lastchecked={27/12/2019}}


@misc{site:santacecilia:reverberation,
title={Santa Cecilia Hall},
url={http://www.santacecilia.it/en/auditorium/sala_santa_cecilia.html},
author ={{Accademia Nazionale di Santa Cecilia}},
lastchecked={27/12/2019}}





@book{book:acoustic2,
  title = {Architectural Acoustics},
  author = {Marshall Long},
  year = {2006},
  publisher = {Elsevier Academic Press},
  edition = {First},
}

@book{book:acoustic3,
  title = {{Master Handbook of Acoustic}},
  author = {{Alton Everest},{Ken Pohlmann}},
  year = {2009},
  publisher = {McGraw-Hill},
  edition = {Fifth},
}

@book{book:instruments,
  title = {Measurement, Instrumentation, and Sensor Handbook},
  author = {{John G. Webster, Halit Eren}},
  year = {2014},
  publisher = {CRC Press},
  edition = {Second},
}





@Online{doc:N27,
    title    = {{SIFERRIT Material N27}},
    author = {EPCOS},
    url = {{https://elnamagnetics.com/wp-content/uploads/library/Epcos-Materials/Ferrites\_and\_Accessories\_-\_SIFERRIT\_Material\_N27.pdf}},
    urldate     = {2019-01-02},
    accessed = {2019 Jun 17},
}

